<?xml version="1.0" encoding="UTF-8"?><collection xmlns="http://www.loc.gov/MARC21/slim"><record><leader>00362nam--2200133-i-4500</leader><controlfield tag="001">000037703</controlfield><controlfield tag="002">20161230</controlfield><controlfield tag="005">20161230201041</controlfield><controlfield tag="008">060222s1000------------r-----000-0-eng-d</controlfield><datafield ind1=" " ind2=" " tag="080"><subfield code="a">007:659.2</subfield></datafield><datafield ind1=" " ind2=" " tag="245"><subfield code="a">Prospecte de echipamente si utilaje pentru informarea documentara</subfield></datafield><datafield ind1=" " ind2=" " tag="260"><subfield code="a">Bucuresti, Inidst, 1973. 131 P</subfield></datafield><datafield ind1=" " ind2=" " tag="490"><subfield code="a">Evidente Nationale</subfield></datafield><datafield ind1=" " ind2=" " tag="852"><subfield code="a">D.2100</subfield></datafield></record></collection>